%! Author = koritskiy
%! Date = 01.09.2020

